%% This BibTeX bibliography file was created using BibDesk.
%% http://bibdesk.sourceforge.net/


%% Created for Brendan Ritchie at 2012-08-18 15:34:41 -0400 


%% Saved with string encoding Unicode (UTF-8) 

@book{robinson1950definition,
  title={Definition},
  author={Robinson, R.},
  year={1950},
  publisher={Oxford University Press}
}

@book{mirhady2000isocrates,
  title={Isocrates I},
  author={Mirhady, D.C. and Too, Y.L.},
  volume={1},
  year={2000},
  publisher={University of Texas Press}
}

@book{vlastos1991socrates,
  title={Socrates: Ironist and Moral Philosopher},
  author={Vlastos, G.},
  year={1991},
  publisher={Cornell University Press}
}

@book{zeyl1987plato,
  title={Plato: Gorgias},
  author={Zeyl, D. J.},
  year={1987},
  publisher={Indianapolis, Indiana: Hackett}
}

@book{marchant1923xenophon,
	Author = {Marchant, E. C. and Todd, O. J.},
	Date-Added = {2012-08-18 19:30:58 +0000},
	Date-Modified = {2012-08-18 19:34:40 +0000},
	Publisher = {Harvard University Press},
	Title = {Xenophon: Memorabilia},
	Year = {1923}}

@book{taber2005hindu,
	Author = {Taber, J.A.},
	Publisher = {Routledge},
	Title = {A Hindu Critique of Buddhist Epistemology: Kum{\=a}rila on Perception},
	Year = {2005}}

@incollection{sep-philo-larissa,
	Author = {Brittain, Charles},
	Booktitle = {The Stanford Encyclopedia of Philosophy},
	Edition = {Fall 2008},
	Editor = {Edward N. Zalta},
	Howpublished = {\url{http://plato.stanford.edu/archives/fall2008/entries/philo-larissa/}},
	Title = {Philo of Larissa},
	Year = {2008}}

@article{striker1997academics,
	Author = {Striker, G.},
	Journal = {Assent and Argument},
	Pages = {257--76},
	Title = {Academics Fighting Academics},
	Year = {1997}}

@article{frede1987sceptic,
	Author = {Frede, M.},
	Journal = {Essays in Ancient Philosophy},
	Title = {The Sceptic's Two Kinds of Assent},
	Year = {1987}}

@article{barnes1989antiochus,
	Author = {Barnes, J.},
	Journal = {Philosophia Togata},
	Pages = {51--96},
	Title = {Antiochus of Ascalon},
	Year = {1989}}

@book{brittain2001philo,
	Author = {Brittain, C.},
	Publisher = {Oxford University Press},
	Title = {Philo of Larissa: the Last of the Academic Sceptics},
	Year = {2001}}

@article{taber1987review,
	Author = {Taber, John},
	Journal = {Journal of the American Oriental Society},
	Number = {1},
	Pages = {103--104},
	Title = {Review of Dixit},
	Volume = {107},
	Year = {1987}}

@article{alston1980level,
	Author = {Alston, W.P.},
	Journal = {Midwest Studies in Philosophy},
	Number = {1},
	Pages = {135--150},
	Publisher = {Wiley Online Library},
	Title = {Level-Confusions in Epistemology},
	Volume = {5},
	Year = {1980}}

@incollection{austin1979other,
	Author = {Austin, J.\ L.},
	Booktitle = {Philosophical Papers, 3rd ed.},
	Publisher = {Oxford University Press},
	Title = {{Other Minds}},
	Year = {1979 [1946]}}

@incollection{austin1979plea,
	Author = {Austin, J.\ L.},
	Booktitle = {Philosophical Papers, 3rd ed.},
	Publisher = {Oxford University Press},
	Title = {{A Plea for Excuses}},
	Year = {1979 [1956]}}

@article{adler2002akratic,
	Author = {Adler, J.E.},
	Issn = {0031-8116},
	Journal = {Philosophical Studies},
	Number = {1},
	Pages = {1--27},
	Publisher = {Springer},
	Title = {{Akratic Believing?}},
	Volume = {110},
	Year = {2002}}

@manuscript{schroeder2010ubiquity,
	Author = {Schroeder, Mark},
	Note = {Manuscript},
	Title = {{The Ubiquity of State-Given Reasons}},
	Year = {2010}}

@manuscript{ritchiesocrates,
	Author = {Ritchie, Brendan},
	Note = {Manuscript},
	Title = {{Socrates' Conception of Knowledge}},
	Year = {2010}}

@manuscript{parfit2009matters,
	Author = {Parfit, Derek},
	Note = {Manuscript},
	Title = {{On What Matters}},
	Year = {2009}}

@manuscript{broome2008reasoning,
	Author = {Broome, John},
	Note = {Manuscript},
	Title = {{Reasoning}},
	Year = {2008}}

@incollection{davidson2001weakness,
	Author = {Davidson, Donald},
	Booktitle = {Essays on Actions and Events},
	Pages = {21--43},
	Publisher = {Oxford University Press},
	Title = {{How Is Weakness of the Will Possible?}},
	Year = {2001 [1970]}}

@incollection{raz1999ourselves,
	Author = {Raz, J.},
	Booktitle = {Engaging Reasons},
	Pages = {5--21},
	Title = {{When We Are Ourselves}},
	Year = {1999}}

@article{korsgaard1999self,
	Author = {Korsgaard, C.},
	Journal = {Journal of Ethics},
	Number = {1},
	Pages = {1--29},
	Publisher = {Springer},
	Title = {{Self-Constitution in the Ethics of Plato and Kant}},
	Volume = {3},
	Year = {1999}}

@incollection{tappolet2003emotions,
	Author = {Tappolet, C.},
	Booktitle = {Weakness of Will and Practical Irrationality},
	Editor = {Sarah Stroud and Christine Tappolet},
	Pages = {97--120},
	Publisher = {Oxford University Press},
	Title = {{Emotions and the Intelligibility of Akratic Action}},
	Year = {2003}}

@incollection{raz2009rpa,
	Author = {Raz, Joseph},
	Booktitle = {Reasons for Action},
	Editor = {David Sobel and Steven Wall},
	Pages = {37--57},
	Title = {{Reasons: Practical and Adaptive}},
	Year = {2009}}

@incollection{korsgaard1997normativity,
	Author = {Korsgaard, C.},
	Booktitle = {Ethics and Practical Reason},
	Editor = {Garrett Cullity and Berys Gaut},
	Pages = {215--254},
	Publisher = {Oxford University Press},
	Title = {{The Normativity of Instrumental Reason}},
	Year = {1997}}

@incollection{stroud2008weakness,
	Author = {Stroud, Sarah},
	Booktitle = {Stanford Encyclopedia of Philosophy},
	Editor = {Edward N. Zalta},
	Title = {{\href{http://plato.stanford.edu/archives/fall2008/entries/weakness-will/}{Weakness of Will}}},
	Year = {2008}}

@incollection{scanlon2007structural,
	Author = {Scanlon, Thomas},
	Booktitle = {Common Minds: Themes From the Philosophy of Philip Pettit},
	Editor = {Geoffrey Brennan and Robert Goodin and Frank Jackson and Michael Smith},
	Pages = {84--103},
	Title = {{Structural Irrationality}},
	Year = {2007}}

@book{grube2002five,
	Author = {{Grube, G.\ M.\ A., trans.}},
	Publisher = {Hackett},
	Title = {{Plato: Five Dialogues: Euthyphro, Apology, Crito, Meno, Phaedo}},
	Year = {2009}}

@book{grube1992plato,
	Author = {{Grube, G.\ M.\ A., trans.}},
	Publisher = {Hackett},
	Title = {{Plato: Republic}},
	Year = {1992}}

@article{holden1977needs,
	Author = {Holden, H.M.},
	Journal = {Journal of the Royal College of General Practitioners},
	Number = {178},
	Pages = {277--9},
	Title = {{The Needs and Expectations of Doctors and Patients}},
	Volume = {27},
	Year = {1977}}

@article{hurley1985conflict,
	Author = {Hurley, S.L.},
	Journal = {Proceedings of the Aristotelian Society},
	Pages = {23--49},
	Title = {{Conflict, ``Akrasia'' and Cognitivism}},
	Volume = {86},
	Year = {1985}}

@incollection{frankfurt1988rationality,
	Author = {Frankfurt, Harry},
	Booktitle = {The Importance of What we Care About: Philosophical Essays},
	Publisher = {Cambridge University Press},
	Title = {{Rationality and the Unthinkable}},
	Year = {1988}}

@article{sidgwick1893unreasonable,
	Author = {Sidgwick, Henry},
	Journal = {Mind},
	Number = {6},
	Pages = {174--187},
	Title = {{Unreasonable Action}},
	Volume = {2},
	Year = {1893}}

@article{kolodny2007does,
	Author = {Kolodny, N.},
	Journal = {Proceedings of the Aristotelian Society},
	Number = {3},
	Pages = {229--263},
	Title = {{How Does Coherence Matter?}},
	Volume = {107},
	Year = {2007}}

@article{buss1997weakness,
	Author = {Buss, S.},
	Issn = {1468-0114},
	Journal = {Pacific Philosophical Quarterly},
	Number = {1},
	Pages = {13--44},
	Publisher = {Wiley Online Library},
	Title = {{Weakness of Will}},
	Volume = {78},
	Year = {1997}}

@incollection{mcintyre1990akratic,
	Author = {McIntyre, A.},
	Booktitle = {{Identity, Character, and Morality: Essays in Moral Psychology}},
	Editor = {Flanagan, O.\ J.\ and Rorty, A.\ O.},
	Pages = {379--400},
	Title = {{Is Akratic Action Always Irrational?}},
	Year = {1990}}

@book{allen1996dialogues,
	Author = {{Allen, R.\ E., trans.}},
	Publisher = {Yale University Press},
	Title = {{The Dialogues of Plato, vol.\ 3: Ion, Hippias Minor, Laches, Protagoras}},
	Year = {1996}}

@book{sprague1993euthydemus,
	Author = {{Sprague, R.\ K., trans.}},
	Publisher = {Hackett},
	Title = {{Plato: Euthydemus}},
	Year = {1993}}

@book{brittain2006cicero,
	Author = {{Brittain, C., trans.}},
	Publisher = {Hackett},
	Title = {{Cicero: On Academic Scepticism}},
	Year = {2006}}

@book{packer2001esv,
	Author = {{Packer, J.\ I., gen.\ ed.}},
	Publisher = {Crossway},
	Title = {{The Holy Bible, English Standard Version}},
	Year = {2001}}

@book{watts1960confessions,
	Author = {{Watts, W., trans.}},
	Publisher = {Harvard University Press},
	Title = {{Augustine: Confessions}},
	Year = {1960 [1631]}}

@book{ross1980nicomachean,
	Author = {{Ross, W.\ D.\ trans.}},
	Publisher = {Oxford University Press},
	Title = {{Aristotle: Nicomachean Ethics}},
	Year = {1998}}

@article{starr1976politics,
	Author = {Starr, Paul},
	Journal = {Hastings Center Report},
	Number = {5},
	Pages = {24--30},
	Title = {{The Politics of Therapeutic Nihilism}},
	Volume = {6},
	Year = {1976}}

@article{risse2007fairness,
	Author = {Risse, M.},
	Journal = {Politics, Philosophy \& Economics},
	Number = {3},
	Pages = {355--77},
	Title = {{Fairness in Trade I: Obligations from Trading and the Pauper-Labor Argument}},
	Volume = {6},
	Year = {2007}}

@article{kurjanska2008fairness,
	Author = {Kurjanska, M. and Risse, M.},
	Journal = {Politics, Philosophy \& Economics},
	Number = {1},
	Pages = {29--56},
	Title = {{Fairness in Trade II: Export Subsidies and the Fair Trade Movement}},
	Volume = {7},
	Year = {2008}}

@book{zweig1967kant,
	Author = {Zweig, Arnulf},
	Publisher = {University of Chicago Press},
	Title = {{Kant: Philosophical Correspondence, 1759--99}},
	Year = {1967}}

@article{audi1979weakness,
	Author = {Audi, R.},
	Issn = {0029-4624},
	Journal = {Nous},
	Number = {2},
	Pages = {173--196},
	Publisher = {JSTOR},
	Title = {{Weakness of Will and Practical Judgment}},
	Volume = {13},
	Year = {1979}}

@book{huemer2005ethical,
	Author = {Huemer, Michael},
	Publisher = {Palgrave Macmillan},
	Title = {{Ethical Intuitionism}},
	Year = {2005}}

@book{harman1973thought,
	Author = {Harman, G.},
	Publisher = {Princeton University Press},
	Title = {{Thought}},
	Year = {1973}}

@article{kolodny2008myth,
	Author = {Kolodny, Niko},
	Issn = {1468-0378},
	Journal = {European Journal of Philosophy},
	Number = {3},
	Pages = {366--402},
	Publisher = {Wiley Online Library},
	Title = {{The Myth of Practical Consistency}},
	Volume = {16},
	Year = {2008}}

@book{adler2002belief,
	Author = {Adler, J.E.},
	Isbn = {0262011921},
	Publisher = {Mit Press},
	Title = {{Belief's Own Ethics}},
	Year = {2002}}

@book{ritchie1996spirit,
	Author = {Ritchie, Mark},
	Publisher = {Island Lake Press},
	Title = {{Spirit of the Rainforest}},
	Year = {1996}}

@article{kavka1983toxin,
	Author = {Kavka, G.S.},
	Issn = {0003-2638},
	Journal = {Analysis},
	Number = {1},
	Pages = {33},
	Publisher = {Oxford University Press},
	Title = {{The Toxin Puzzle}},
	Volume = {43},
	Year = {1983}}

@incollection{moore1944russell,
	Author = {Moore, G.E.},
	Booktitle = {{ The Philosophy of Bertrand Russell}},
	Editor = {Schilpp, P.A.},
	Publisher = {Northwestern University Press},
	Title = {{Russell's "Theory of Descriptions''}},
	Year = {1944}}

@book{gibbard1992wise,
	Author = {Gibbard, A.},
	Isbn = {0674953789},
	Publisher = {Harvard University Press},
	Title = {{Wise Choices, Apt Feelings: A Theory of Normative Judgment}},
	Year = {1992}}

@article{scanlon2002passions,
	Author = {Scanlon, T.M.},
	Journal = {Contours of Agency: Essays in Honor of Harry Frankfurt},
	Pages = {165--183},
	Title = {{Reasons and Passions}},
	Year = {2002}}

@incollection{mcdowell1996incontinence,
	Author = {McDowell, John},
	Booktitle = {Identity, Truth and Value: Essays for David Wiggins},
	Editor = {Lovibond, S. and Williams, S.G.},
	Pages = {95--112},
	Publisher = {Blackwell},
	Title = {{Incontinence and Practical Wisdom in Aristotle}},
	Volume = {16},
	Year = {1996}}

@book{smith1995moral,
	Author = {Smith, M.A.},
	Isbn = {0631192468},
	Publisher = {Blackwell},
	Title = {{The Moral Problem}},
	Year = {1995}}

@book{ross1995aristotle,
	Author = {Ross, W.D.},
	Publisher = {Routledge},
	Title = {{Aristotle, 6th ed.}},
	Year = {1995}}

@article{pettit1993practical,
	Author = {Pettit, P. and Smith, M.},
	Issn = {0026-4423},
	Journal = {Mind},
	Number = {405},
	Pages = {53--79},
	Publisher = {JSTOR},
	Title = {{Practical Unreason}},
	Volume = {102},
	Year = {1993}}

@article{wallace1999three,
	Author = {Wallace, R.J.},
	Issn = {1386-2820},
	Journal = {Ethical Theory and Moral Practice},
	Number = {3},
	Pages = {217--242},
	Publisher = {Springer},
	Title = {{Three Conceptions of Rational Agency}},
	Volume = {2},
	Year = {1999}}

@article{jones2003emotion,
	Author = {Jones, Karen},
	Issn = {1755-3555},
	Journal = {Royal Institute of Philosophy Supplement},
	Pages = {181--200},
	Publisher = {Cambridge Univ Press},
	Title = {{Emotion, Weakness of Will, and the Normative Conception of Agency}},
	Volume = {52},
	Year = {2003}}

@article{bennett1974conscience,
	Author = {Bennett, J.},
	Issn = {1469-817X},
	Journal = {Philosophy},
	Number = {188},
	Pages = {123--134},
	Publisher = {Cambridge Univ Press},
	Title = {{The Conscience of Huckleberry Finn}},
	Volume = {49},
	Year = {1974}}

@book{gosling1990weakness,
	Author = {Gosling, J.C.B.},
	Isbn = {0415034353},
	Publisher = {Psychology Press},
	Title = {{Weakness of the Will}},
	Year = {1990}}

@article{vlastos1983historical,
	Author = {Vlastos, G.},
	Issn = {0090-5917},
	Journal = {Political Theory},
	Number = {4},
	Pages = {495--516},
	Publisher = {JSTOR},
	Title = {{The Historical Socrates and Athenian Democracy}},
	Volume = {11},
	Year = {1983}}

@book{korsgaard2009self,
	Author = {Korsgaard, C.M.},
	Isbn = {0199552797},
	Publisher = {Oxford University Press},
	Title = {{Self-Constitution: Agency, Identity, and Integrity}},
	Year = {2009}}

@book{hare1963freedom,
	Author = {Hare, R.M.},
	Isbn = {019881092X},
	Publisher = {Oxford University Press},
	Title = {{Freedom and Reason}},
	Year = {1963}}

@article{arpaly2000acting,
	Author = {Arpaly, Nomy},
	Issn = {0014-1704},
	Journal = {Ethics},
	Number = {3},
	Pages = {488--513},
	Publisher = {JSTOR},
	Title = {{On Acting Rationally Against One's Best Judgment}},
	Volume = {110},
	Year = {2000}}

@article{audi1990weakness,
	Author = {Audi, R.},
	Issn = {0004-8402},
	Journal = {Australasian Journal of Philosophy},
	Number = {3},
	Pages = {270--281},
	Publisher = {Routledge},
	Title = {{Weakness of Will and Rational Action}},
	Volume = {68},
	Year = {1990}}

@article{mcintyre2006wrong,
	Author = {McIntyre, A.},
	Journal = {Journal of Philosophy},
	Number = {6},
	Pages = {284--311},
	Title = {{What is Wrong with Weakness of Will?}},
	Volume = {103},
	Year = {2006}}

@book{moore1903principia,
	Author = {Moore, G. E.},
	Publisher = {Cambridge University Press},
	Title = {{Principia Ethica}},
	Year = {1903}}

@book{mackie1977ethics,
	Author = {Mackie, J. L.},
	Publisher = {Penguin},
	Title = {{Ethics: Inventing Right and Wrong}},
	Year = {1977}}

@book{foot2003natural,
	Author = {Foot, Philippa},
	Publisher = {Oxford University Press},
	Title = {{Natural Goodness}},
	Year = {2003}}

@article{foot1972morality,
	Author = {Foot, Philippa},
	Journal = {The Philosophical Review},
	Number = {3},
	Pages = {305--316},
	Publisher = {JSTOR},
	Title = {{Morality as a System of Hypothetical Imperatives}},
	Volume = {81},
	Year = {1972}}

@book{jaimini1923mimamsa,
	Author = {Lal, M. L},
	Publisher = {Sudhindra Nath Vasu},
	Title = {{The M{\^\i}m{\^a}ms{\^a} s{\^u}tras of Jaimin\=\i}},
	Year = {1923}}

@incollection{tabereternality,
	Author = {Taber, John},
	Booktitle = {The Columbia Guide to Classical Indian Philosophy (forthcoming)},
	Editor = {Matthew Kapstein},
	Publisher = {Columbia University Press},
	Title = {{M\={\i}m\=a\d ms\=a and the Eternality of Language}},
	Year = {{MS}}}

@incollection{chatterjea2003svatah,
	Author = {Chatterjea, Tara},
	Booktitle = {Knowledge and Freedom in Indian Philosophy},
	Publisher = {Lexington Books},
	Title = {{\emph{Svata\d h-Pr\=am\=a\d nyav\=adah} in \emph{M{\=\i}m\=a\d ms\=a}}},
	Year = {2003}}

@book{dsa1980sabdapramanyam,
	Author = {D'Sa, Francis. X.},
	Publisher = {Institut f\"ur Indologie der Universit\"at Wien},
	Title = {{{\'S}abdapr{\=a}m{\=a}{\d n}yam in {\'S}abara and Kum{\=a}rila}},
	Year = {1980}}

@book{nagarjuna1998dialectical,
	Author = {Bhattacharya, Kameleswar},
	Publisher = {Motilal Banarsidass},
	Title = {{The Dialectical Method of Nagarjuna}},
	Year = {1998}}

@book{burnyeat1997original,
	Author = {Burnyeat, M. and Frede, M.},
	Publisher = {Hackett Publishing},
	Title = {{The Original Sceptics: A Controversy}},
	Year = {1997}}

@article{kataoka2003mimamsa,
	Author = {Kataoka, Kei},
	Journal = {Journal of Indian Philosophy},
	Number = {1},
	Pages = {89--103},
	Publisher = {Springer},
	Title = {{The M{\=\i}m{\=a}{\d m}s{\=a} Definition of Pram{\=a}{\d n}a as a Source of New Information}},
	Volume = {31},
	Year = {2003}}

@article{kataoka2002validity,
	Author = {Kataoka, Kei},
	Journal = {Journal of Indian and Buddhist Studies},
	Pages = {1022--1026},
	Publisher = {The Japanese Association of Indian and Buddhist Studies},
	Title = {{Validity of Cognition and Authority of Scripture}},
	Year = {2002}}

@book{bhatt1962epistemology,
	Author = {Bhatt, G. P.},
	Publisher = {Chowkhamba Sanskrit Series Office},
	Title = {{Epistemology of the Bh{\=a}{\d t}{\d t}a school of P{\=u}rva M{\=\i}m{\=a}ns{\=a}}},
	Year = {1962}}

@book{austin1962sense,
	Author = {Austin, J.\ L.},
	Publisher = {Oxford University Press},
	Title = {{Sense and Sensibilia}},
	Year = {1962}}

@book{radhakrishnan1927indian,
	Author = {Radhakrishnan, S.},
	Publisher = {Macmillan},
	Title = {{Indian Philosophy}},
	Year = {1927}}

@book{hiriyanna1932outlines,
	Author = {Hiriyanna, M.},
	Publisher = {Routledge},
	Title = {{Outlines of Indian Philosophy}},
	Year = {1932}}

@book{dasgupta1957history,
	Author = {Dasgupta, S.},
	Pages = {323},
	Publisher = {Cambridge University Press},
	Title = {{A History of Indian Philosophy}},
	Volume = {1},
	Year = {1957}}

@book{keith1921karma,
	Author = {Keith, A. B.},
	Publisher = {Association Press},
	Title = {{The Karma-M{\=\i}m{\=a}\.ms{\=a}}},
	Year = {1921}}

@book{matilal1986perception,
	Author = {Matilal, B. K.},
	Publisher = {Oxford University Press, USA},
	Title = {{Perception: An Essay on Classical Indian Theories of Knowledge}},
	Year = {1986}}

@incollection{sepkumarila,
	Author = {Arnold, Daniel},
	Booktitle = {The Stanford Encyclopedia of Philosophy},
	Editor = {Edward N. Zalta},
	Howpublished = {\url{http://plato.stanford.edu/archives/sum2010/entries/kumaarila/}},
	Publisher = {Center for the Study of Language and Information, Stanford University},
	Title = {{Kum{\=a}rila}},
	Year = {2010}}

@article{pollock1989mima,
	Author = {Pollock, Sheldon},
	Journal = {Journal of the American Oriental Society},
	Number = {4},
	Pages = {603--610},
	Title = {{M\={\i}m\=a\d ms\=a and the Problem of History in Traditional India}},
	Volume = {109},
	Year = {1989}}

@book{radhakrishnan1957source,
	Author = {Radhakrishnan, S. and Moore, C. A.},
	Publisher = {Princeton University Press},
	Title = {{A Sourcebook in Indian Philosophy}},
	Year = {1957}}

@misc{kripke1972naming,
	Author = {Kripke, Saul A.},
	Publisher = {Harvard University Press},
	Title = {{Naming and Necessity}},
	Year = {1972}}

@article{mele1988self,
	Author = {Mele, A.},
	Journal = {Philosophical Psychology},
	Number = {2},
	Pages = {201--206},
	Publisher = {Routledge},
	Title = {{Self-Deception and Akratic Belief: A Rejoinder}},
	Volume = {1},
	Year = {1988}}

@article{nelkin2008moral,
	Author = {Nelkin, D.K.},
	Journal = {Stanford encyclopedia of philosophy},
	Title = {{Moral luck}},
	Year = {2008}}

@article{williams1976moral,
	Author = {Williams, B. A. O.},
	Journal = {Proceedings of the Aristotelian Society, Supplementary Volume},
	Publisher = {Blackwell Publishing; The Aristotelian Society},
	Title = {{Moral Luck}},
	Volume = {50},
	Year = {1976}}

@article{nagel1976moral,
	Author = {Nagel, Thomas},
	Journal = {Proceedings of the Aristotelian Society, Supplementary Volume},
	Publisher = {Blackwell Publishing; The Aristotelian Society},
	Title = {{Moral Luck}},
	Volume = {50},
	Year = {1976}}

@book{williams1999moral,
	Author = {Williams, B.A.O.},
	Publisher = {Cambridge University Press},
	Title = {{Moral luck: philosophical papers, 1973-1980}},
	Year = {1999}}

@book{statman1993moral,
	Author = {Statman, Daniel},
	Publisher = {SUNY Press},
	Title = {{Moral luck}},
	Year = {1993}}

@article{carnall1963shakesepeare,
	Author = {Carnall, G.},
	Journal = {Shakespeare Quarterly},
	Number = {2},
	Pages = {186--188},
	Publisher = {Folger Shakespeare Library; George Washington University},
	Title = {{Shakesepeare's Richard III and St. Paul}},
	Volume = {14},
	Year = {1963}}

@book{wattles1910science,
	Author = {Wattles, Wallace D.},
	Publisher = {Elizabeth Towne},
	Title = {{The Science of Getting Rich}},
	Year = {1910}}

@book{byrne2006secret,
	Author = {Byrne, Rhonda},
	Publisher = {Atria Books/Beyond Words},
	Title = {{The Secret}},
	Year = {2006}}

@article{lewis1996elusive,
	Author = {Lewis, D.},
	Journal = {Australasian Journal of Philosophy},
	Number = {4},
	Pages = {549--567},
	Publisher = {Routledge},
	Title = {{Elusive knowledge}},
	Volume = {74},
	Year = {1996}}

@book{pritchard2005epistemic,
	Author = {Pritchard, Duncan},
	Publisher = {Oxford University Press},
	Title = {{Epistemic Luck}},
	Year = {2005}}

@article{pritchard2006moral,
	Author = {Pritchard, Duncan},
	Journal = {Metaphilosophy},
	Number = {1},
	Pages = {1},
	Publisher = {Blackwell Publishing Ltd},
	Title = {{Moral and Epistemic Luck}},
	Volume = {37},
	Year = {2006}}

@article{wolf2001moral,
	Author = {Wolf, Susan},
	Journal = {Philosophic Exchange},
	Pages = {4--19},
	Title = {{The Moral of Moral Luck}},
	Volume = {31},
	Year = {2001}}

@article{williams1993moralluck,
	Author = {Williams, Bernard},
	Journal = {Moral Luck},
	Pages = {35--55},
	Title = {{Moral Luck}},
	Year = {1993}}

@article{williams1993postscript,
	Author = {Williams, Bernard},
	Journal = {Moral Luck},
	Pages = {251--258},
	Title = {{Postscript}},
	Year = {1993}}

@article{hansen1986complementarity,
	Author = {Hansen, B.},
	Journal = {American Scientist},
	Pages = {128--136},
	Title = {{The Complementarity of Science and Magic Before the Scientific Revolution}},
	Volume = {74},
	Year = {1986}}

@article{hansen1978science,
	Author = {Hansen, B.},
	Journal = {Science in the Middle Ages},
	Pages = {483--506},
	Title = {{Science and Magic}},
	Year = {1978}}

@article{white1972cultural,
	Author = {White, L.},
	Journal = {Viator},
	Number = {-1},
	Pages = {171--202},
	Publisher = {Brepols Publishers},
	Title = {{Cultural climates and technological advance in the Middle Ages}},
	Volume = {2},
	Year = {1972}}

@article{cullen1993patients,
	Author = {Cullen, C.},
	Journal = {History of science; an annual review of literature, research and teaching},
	Number = {92 pt 2},
	Pages = {99},
	Title = {{Patients and healers in late Imperial China: evidence from the Jinpingmei.}},
	Volume = {31},
	Year = {1993}}

@book{elman2001philosophy,
	Author = {Elman, B.A.},
	Publisher = {Univ of California Los Angeles},
	Title = {{From philosophy to philology: intellectual and social aspects of change in late imperial China}},
	Year = {2001}}

@book{loewe1993early,
	Author = {Loewe, M.},
	Publisher = {Univ of California Inst of East},
	Title = {{Early Chinese texts: a bibliographical guide}},
	Year = {1993}}

@article{harper1warring,
	Author = {Harper, D.},
	Journal = {The Cambridge History of Ancient China},
	Pages = {813--884},
	Title = {{Warring States Natural Philosophy and Occult Thought}},
	Volume = {1}}

@book{unschuld1988medicine,
	Author = {Unschuld, P.U.},
	Publisher = {Univ of California Pr},
	Title = {{Medicine in China: A history of ideas}},
	Year = {1988}}

@article{harper1998early,
	Author = {Harper, D.},
	Journal = {Kegan Paul International, London},
	Title = {{Early Chinese Medical Literature�The Mawangdui Medical Manuscripts, the Sir Henry Wellcome Asian Series}},
	Year = {1998}}

@article{harper1990conception,
	Author = {Harper, D.},
	Journal = {Sudhoffs Arch Z Wissenschaftsgesch},
	Number = {2},
	Pages = {210--35},
	Title = {{The conception of illness in early Chinese medicine, as documented in newly discovered 3rd and 2nd century BC manuscripts (Part I).}},
	Volume = {74},
	Year = {1990}}

@article{sivin1995state,
	Author = {Sivin, N.},
	Journal = {Harvard Journal of Asiatic Studies},
	Pages = {5--37},
	Publisher = {Harvard-Yenching Institute},
	Title = {{State, cosmos, and body in the last three centuries BC}},
	Year = {1995}}

@article{sivin1995text,
	Author = {Sivin, N.},
	Journal = {Knowledge and the Scholarly Medical Traditions},
	Pages = {177--204},
	Title = {{Text and experience in classical Chinese medicine}},
	Year = {1995}}

@article{rosenberg1977therapeutic,
	Author = {Rosenberg, CE},
	Journal = {Perspectives in biology and medicine},
	Number = {4},
	Pages = {485},
	Title = {{The therapeutic revolution: medicine, meaning, and social change in nineteenth-century America.}},
	Volume = {20},
	Year = {1977}}

@article{chang1998therapeutic,
	Author = {Chang, C.},
	Journal = {Dissertations available from ProQuest},
	Title = {{The therapeutic tug of war: The Imperial physician-patient relationship in the era of Empress Dowager Cixi (1874-1908)}},
	Year = {1998}}

@book{sivin1977science,
	Author = {Sivin, N.},
	Publisher = {Watson Pub Intl},
	Title = {{Science and technology in East Asia}},
	Year = {1977}}

@book{lloyd1989revolutions,
	Author = {Lloyd, G.E.R.},
	Publisher = {University of California Press},
	Title = {{The revolutions of wisdom: studies in the claims and practice of ancient Greek science}},
	Year = {1989}}

@article{sivin1982scientific,
	Author = {Sivin, N.},
	Journal = {Chinese science},
	Pages = {45},
	Title = {{Why the scientific revolution did not take place in China--or didn't it?}},
	Volume = {5},
	Year = {1982}}

@article{sivin1985scientific,
	Author = {Sivin, N.},
	Journal = {The Environmentalist},
	Number = {1},
	Pages = {39--50},
	Publisher = {Springer},
	Title = {{Why the scientific revolution did not take place in China�or did it?}},
	Volume = {5},
	Year = {1985}}

@article{hughes1981convergent,
	Author = {Hughes, T.P.},
	Journal = {Technology and Culture},
	Pages = {550--558},
	Publisher = {University of Chicago Press},
	Title = {{Convergent Themes in the History of Science, Medicine, and Technology}},
	Year = {1981}}

@article{layton1988science,
	Author = {Layton, E.T.},
	Journal = {Technology and Culture},
	Number = {1},
	Pages = {82--97},
	Publisher = {Society for the History of Technology; The Johns Hopkins University Press},
	Title = {{Science as a form of action: the role of the engineering sciences}},
	Volume = {29},
	Year = {1988}}

@conference{layton1976technology,
	Author = {Layton Jr, E. T.},
	Booktitle = {PSA: Proceedings of the Biennial Meeting of the Philosophy of Science Association},
	Organization = {Philosophy of Science Association; The University of Chicago Press},
	Pages = {173--184},
	Title = {{Technology and Science, or "Vive La Petite Difference"}},
	Volume = {1976},
	Year = {1976}}

@article{layton1974technology,
	Author = {Layton Jr, E.T.},
	Journal = {Technology and culture},
	Number = {1},
	Pages = {31--41},
	Publisher = {Society for the History of Technology; The Johns Hopkins University Press},
	Title = {{Technology as knowledge}},
	Volume = {15},
	Year = {1974}}

@article{tambiah1968magical,
	Author = {Tambiah, SJ},
	Journal = {Man},
	Pages = {175--208},
	Publisher = {Royal Anthropological Institute of Great Britain and Ireland},
	Title = {{The magical power of words}},
	Year = {1968}}

@book{malinowski1954magic,
	Author = {Malinowski, B. and Redfield, R.},
	Publisher = {Doubleday Anchor Books},
	Title = {{Magic, science and religion, and other essays}},
	Year = {1954}}

@misc{needham2000science,
	Author = {Needham, Joseph},
	Publisher = {Cambridge University Press},
	Title = {{Science and Civilisation in China: Volume 6, Biology and Biological Technology, Part VI, Medicine}},
	Year = {2000}}

@book{demieville1985buddhism,
	Author = {Demi\'eville, Paul},
	Publisher = {University Press of America},
	Title = {{Buddhism and Healing}},
	Translator = {Tatz, Mark},
	Year = {1985}}

@article{bonjour2001externalist,
	Author = {BonJour, L.},
	Journal = {Epistemology: internalism and externalism},
	Pages = {10},
	Publisher = {Blackwell Pub},
	Title = {{Externalist theories of empirical knowledge'}},
	Year = {2001}}

@article{goldman2001internalist,
	Author = {Goldman, Alvin},
	Journal = {Epistemology: Internalism and Externalism},
	Pages = {36--67},
	Title = {{The Internalist Conception of Justification}},
	Year = {2001}}

@article{alston2001internalism,
	Author = {Alston, William},
	Journal = {Epistemology: Internalism and Externalism},
	Title = {{Internalism and Externalism in Epistemology}},
	Year = {2001}}

@book{cherniak1986minimal,
	Author = {Cherniak, C.},
	Publisher = {Mind Assoc},
	Title = {{Minimal rationality}},
	Year = {1986}}

@book{harman1986change,
	Author = {Harman, G.},
	Publisher = {MIT Press},
	Title = {{Change in View: Principles of Reasoning}},
	Year = {1986}}

@article{gentzler1995discriminate,
	Author = {Gentzler, J.},
	Journal = {History of Philosophy Quarterly},
	Pages = {227--46},
	Title = {{How to discriminate between experts and frauds: some problems for Socratic peirastic}},
	Volume = {3},
	Year = {1995}}

@article{goldman2001experts,
	Author = {Goldman, A.I.},
	Journal = {Philosophy and Phenomenological Research},
	Pages = {85--110},
	Publisher = {International Phenomenological Society},
	Title = {{Experts: which ones should you trust?}},
	Year = {2001}}

@article{bezuidenhout1998verbal,
	Author = {Bezuidenhout, A.},
	Journal = {The Philosophical Review},
	Number = {2},
	Pages = {261--288},
	Publisher = {Duke University Press; Philosophical Review},
	Title = {{Is Verbal Communication a Purely Preservative Process?}},
	Volume = {107},
	Year = {1998}}

@article{burge1993content,
	Author = {Burge, T.},
	Journal = {The Philosophical Review},
	Number = {4},
	Pages = {457--488},
	Publisher = {Duke University Press; Philosophical Review},
	Title = {{Content preservation}},
	Volume = {102},
	Year = {1993}}

@article{foley1994egoism,
	Author = {Foley, R.},
	Journal = {Socializing epistemology},
	Pages = {53--73},
	Title = {{Egoism in epistemology}},
	Year = {1994}}

@book{coady1994testimony,
	Author = {Coady, CAJ},
	Publisher = {Oxford University Press, USA},
	Title = {{Testimony: A philosophical study}},
	Year = {1994}}

@article{broome2007rationality,
	Author = {Broome, John},
	Journal = {Disputatio},
	Pages = {23},
	Title = {{Is Rationality Normative?}},
	Volume = {2},
	Year = {2007}}

@book{mele1987irrationality,
	Author = {Mele, A.R.},
	Isbn = {0195080017},
	Publisher = {Oxford University Press},
	Title = {{Irrationality: An Essay on Akrasia, Self-Deception, and Self-Control}},
	Year = {1987}}

@article{broome1999normative,
	Author = {Broome, John},
	Journal = {Ratio},
	Pages = {398--419},
	Title = {{Normative Requirements}},
	Volume = {12},
	Year = {1999}}

@article{broome2005does,
	Author = {Broome, John},
	Journal = {Philosophical Issues},
	Number = {1},
	Pages = {321--337},
	Publisher = {Blackwell Publishing Ltd/Inc.},
	Title = {{Does Rationality Give Us Reasons? 1}},
	Volume = {15},
	Year = {2005}}

@article{broome2001normative,
	Author = {Broome, J. and Piller, C.},
	Journal = {Proceedings of the Aristotelian Society, Supplementary Volumes},
	Pages = {175--216},
	Publisher = {Blackwell Publishing; The Aristotelian Society},
	Title = {{Normative practical reasoning}},
	Volume = {75},
	Year = {2001}}

@article{parfit1997reasons,
	Author = {Parfit, Derek and Broome, John},
	Journal = {Proceedings of the Aristotelian Society, Supplementary Volumes},
	Pages = {99--146},
	Publisher = {Blackwell Publishing; The Aristotelian Society},
	Title = {{Reasons and Motivation}},
	Volume = {71},
	Year = {1997}}

@article{broome2001have,
	Author = {Broome, John},
	Journal = {Imprint},
	Title = {{Have We Reason to do as Rationality Requires? A Comment on Raz}},
	Volume = {1},
	Year = {2001}}

@article{broome2007wide,
	Author = {Broome, John},
	Journal = {Mind},
	Number = {462},
	Pages = {359},
	Publisher = {Mind Assoc},
	Title = {{Wide or Narrow Scope?}},
	Volume = {116},
	Year = {2007}}

@article{schroeder2004scope,
	Author = {Schroeder, Mark},
	Journal = {Philosophical Perspectives},
	Number = {1},
	Pages = {337--364},
	Publisher = {Blackwell Publishing Ltd/Inc.},
	Title = {{The Scope of Instrumental Reason}},
	Volume = {18},
	Year = {2004}}

@article{kolodny2007state,
	Author = {Kolodny, Niko},
	Journal = {Mind},
	Number = {462},
	Pages = {371},
	Publisher = {Mind Assoc},
	Title = {{State or Process Requirements?}},
	Volume = {116},
	Year = {2007}}

@article{kolodny2005rational,
	Author = {Kolodny, Niko},
	Journal = {Mind},
	Number = {455},
	Pages = {509},
	Publisher = {Mind Assoc},
	Title = {{Why be Rational?}},
	Volume = {114},
	Year = {2005}}

@article{kolodny2008disposed,
	Author = {Kolodny, Niko},
	Journal = {Ethics},
	Number = {3},
	Pages = {437--463},
	Publisher = {UChicago Press},
	Title = {{Why Be Disposed to Be Coherent?}},
	Volume = {118},
	Year = {2008}}

@article{bridges2009rationality,
	Author = {Bridges, J.},
	Journal = {Mind},
	Number = {470},
	Pages = {353},
	Publisher = {Mind Assoc},
	Title = {{Rationality, Normativity, and Transparency}},
	Volume = {118},
	Year = {2009}}

@article{kolodny2009reply,
	Author = {Kolodny, Niko},
	Journal = {Mind},
	Number = {470},
	Pages = {369},
	Publisher = {Mind Assoc},
	Title = {{Reply to Bridges}},
	Volume = {118},
	Year = {2009}}

@article{broome2004reasons,
	Author = {Broome, John},
	Journal = {Reason and Value: Themes from the Moral Philosophy of Joseph Raz},
	Pages = {28--55},
	Title = {{Reasons}},
	Year = {2004}}

@book{hurley1989natural,
	Author = {Hurley, Susan},
	Publisher = {Oxford University Press},
	Title = {{Natural Reasons}},
	Year = {1989}}

@book{scanlon1998we,
	Author = {Scanlon, Thomas},
	Publisher = {Harvard Belknap Press},
	Title = {{What We Owe to Each Other}},
	Year = {1998}}

@article{halbfass1991therapeutic,
	Author = {Halbfass, Wilhelm},
	Journal = {Tradition and Reflection},
	Pages = {243--263},
	Publisher = {SUNY Press},
	Title = {{The Therapeutic Paradigm and the Search for Identity in Indian Philosophy}},
	Year = {1991}}

@book{halbfass1991tradition,
	Author = {Halbfass, Wilhelm},
	Publisher = {SUNY Press},
	Title = {{Tradition and Reflection: Explorations in Indian Thought}},
	Year = {1991}}

@book{alston1991pge,
	Author = {Alston, W.P.},
	Publisher = {Cornell University Press},
	Title = {{Perceiving God: The Epistemology of Religious Experience}},
	Year = {1991}}

@article{potter1984die,
	Author = {Potter, K. H.},
	Journal = {Journal of Indian Philosophy},
	Number = {4},
	Pages = {307--327},
	Title = {{Does Indian Epistemology Concern Justified True Belief?}},
	Volume = {12},
	Year = {1984}}

@article{potter1964naturalistic,
	Author = {Potter, K. H.},
	Journal = {Philosophy East and West},
	Number = {1},
	Pages = {39--49},
	Publisher = {JSTOR},
	Title = {{The Naturalistic Principle of Karma}},
	Volume = {14},
	Year = {1964}}

@book{potter1992presuppositions,
	Author = {Potter, K. H.},
	Publisher = {Motilal Banarsidass},
	Title = {{Presuppositions of India's Philosophies}},
	Year = {1992}}

@book{jha1907skb,
	Author = {Jh\=a, Ga\d{n}g\=an\=athan},
	Publisher = {Asiatic Society of Bengal},
	Title = {{\d Clokav\=arttika}},
	Year = {1907}}

@misc{jha1964pms,
	Author = {Jha, Ganganatha},
	Publisher = {Varanasi: Banaras Hindu University Press},
	Title = {{Purva-Mimamsa in its Sources}},
	Year = {1964}}

@book{halbfass1983sks,
	Author = {Halbfass, Wilhelm},
	Publisher = {Verlag fiir Orientalistische Fachpublikationen},
	Title = {{Studies in Kumarila and Sankara}},
	Year = {1983}}

@book{halbfass1988iae,
	Author = {Halbfass, Wilhelm},
	Publisher = {SUNY Press},
	Title = {{India and Europe: An Essay in Understanding}},
	Year = {1988}}

@book{clooney1990trr,
	Author = {Clooney, F. X.},
	Publisher = {Institut f{\"u}r Ideologie der Universit{\"a}t},
	Title = {{Thinking Ritually: Rediscovering the Purva Mimamsa of Jaimini}},
	Year = {1990}}

@book{clooney1993tav,
	Author = {Clooney, F.X.},
	Publisher = {State University of New York Press},
	Title = {{Theology After Vedanta: An Experiment in Comparative Theology}},
	Year = {1993}}

@book{dsa1980ssa,
	Author = {D\&Sa, F.X.},
	Publisher = {Institut f{\"u}r Indologie},
	Title = {{Sabdapramanyam in Sabara and Kumarila}},
	Year = {1980}}

@article{taber2002mo,
	Author = {Taber, John},
	Journal = {Journal of Indian Philosophy},
	Pages = {161--190},
	Title = {{Mohanty on {\'S}abdapram{\=a}{\d n}a}},
	Volume = {30},
	Year = {2002}}

@book{mohanty1989gangesa,
	Author = {Mohanty, J. N.},
	Publisher = {Motilal Banarsidass},
	Title = {{Ga{\.n}ge{\'s}a's Theory of Truth}},
	Year = {1989}}

@article{mohanty1984pramanya,
	Author = {Mohanty, J. N.},
	Journal = {Journal of Indian Philosophy},
	Number = {4},
	Pages = {329--338},
	Publisher = {Springer},
	Title = {{Pr{\=a}m{\=a}\d nya and Workability---Response to Potter}},
	Volume = {12},
	Year = {1984}}

@article{taber1992dkb,
	Author = {Taber, John},
	Journal = {Journal of the American Oriental Society},
	Number = {2},
	Pages = {204--221},
	Title = {{What did Kum\=arila Bha\d t\d tha Mean by \emph{Svata\d h Pr\=am\=a\d nya?}}},
	Volume = {112},
	Year = {1992}}

@article{clooney1987vhn,
	Author = {Clooney, F. X.},
	Journal = {Journal of the American Academy of Religion},
	Number = {4},
	Pages = {659--684},
	Publisher = {Am Acad Religion},
	Title = {{Why the Veda has no Author}},
	Year = {1987}}

@article{arnold2001ivr,
	Author = {Arnold, Dan},
	Journal = {Journal of Indian Philosophy},
	Number = {5--6},
	Pages = {589--675},
	Publisher = {Springer},
	Title = {{Intrinsic Validity Reconsidered: A Sympathetic Study of the Mimamsaka Inversion of Buddhist Epistemology}},
	Volume = {29},
	Year = {2001}}

@book{dancy2000practical,
	Author = {Dancy, J.},
	Publisher = {Oxford University Press, USA},
	Title = {{Practical reality}},
	Year = {2000}}

@book{cuneo2007normative,
	Author = {Cuneo, Terence},
	Publisher = {Oxford University Press},
	Title = {{The Normative Web: An Argument for Moral Realism}},
	Year = {2007}}

@book{dixit1983slokavarttika,
	Author = {Dixit, K. K.},
	Publisher = {L.D. Institute of Indology, Ahmedabad},
	Title = {{\'Slokav\=arttika: A Study}},
	Year = {1983}}

@article{alston1988deontological,
	Author = {Alston, William P.},
	Journal = {Philosophical Perspectives},
	Pages = {257--299},
	Publisher = {Ridgeview Publishing Company},
	Title = {{The Deontological Conception of Epistemic Justification}},
	Volume = {2},
	Year = {1988}}

@book{zagzebski1996virtues,
	Author = {Zagzebski, Linda T.},
	Publisher = {Cambridge University Press},
	Title = {{Virtues of the Mind}},
	Year = {1996}}

@book{depaul2007intellectual,
	Author = {DePaul, M. and Zagzebski, L.},
	Publisher = {Oxford University Press},
	Title = {{Intellectual Virtue: Perspectives from Ethics and Epistemology}},
	Year = {2007}}

@article{sherman2007intellectual,
	Author = {Sherman, Nancy and White, Heath},
	Journal = {Intellectual Virtue: Perspectives from Ethics and Epistemology},
	Pages = {34--53},
	Publisher = {Oxford University Press},
	Title = {{Intellectual Virtue: Emotions, Luck, and the Ancients}},
	Year = {2007}}

@article{arnold2001ivs,
	Author = {Arnold, Dan},
	Journal = {Philosophy East and West},
	Number = {1},
	Pages = {26--53},
	Publisher = {University of Hawaii Press},
	Title = {{Of Intrinsic Validity: A Study on the Relevance of Purva Mimamsa}},
	Volume = {51},
	Year = {2001}}

@article{nussbaum2001protagoras,
	Author = {Nussbaum, Martha},
	Journal = {Varieties of Practical Reasoning},
	Pages = {153--201},
	Publisher = {MIT Press},
	Title = {{The Protagoras: A Science of Practical Reasoning}},
	Year = {2001}}

@article{dunn1992akratic,
	Author = {Dunn, R.},
	Journal = {Australasian Journal of Philosophy},
	Number = {1},
	Pages = {24--39},
	Publisher = {Routledge},
	Title = {{Akratic attitudes and rationality}},
	Volume = {70},
	Year = {1992}}

@book{mele1992irrationality,
	Author = {Mele, Alfred R.},
	Publisher = {Oxford University Press},
	Title = {{Irrationality: An Essay on Akrasia, Self-Deception, and Self-Control}},
	Year = {1992}}

@article{mele1989akratic,
	Author = {Mele, Alfred R.},
	Journal = {Philosophy and Phenomenological Research},
	Number = {2},
	Pages = {277--288},
	Publisher = {Brown University},
	Title = {{Akratic Feelings}},
	Volume = {50},
	Year = {1989}}

@article{mele1994self,
	Author = {Mele, A.R.},
	Journal = {Philosophical Psychology},
	Number = {4},
	Pages = {419--435},
	Publisher = {Routledge},
	Title = {{Self-Control and Belief}},
	Volume = {7},
	Year = {1994}}

@article{french1989logic,
	Author = {French, S.},
	Journal = {Philosophy and Phenomenological Research},
	Pages = {431--446},
	Publisher = {Brown University},
	Title = {{On the Logic of Belief}},
	Year = {1989}}

@article{heil1984doxastic,
	Author = {Heil, John},
	Journal = {Mind},
	Number = {369},
	Pages = {56},
	Publisher = {Mind Assoc},
	Title = {{Doxastic Incontinence}},
	Volume = {93},
	Year = {1984}}

@article{vinci1985comment,
	Author = {Vinci, T.},
	Journal = {Mind},
	Number = {373},
	Pages = {116},
	Publisher = {Mind Assoc},
	Title = {{Comment on'Doxastic Incontinence'}},
	Volume = {94},
	Year = {1985}}

@article{heil1989minds,
	Author = {Heil, J.},
	Journal = {Mind},
	Number = {392},
	Pages = {571},
	Publisher = {Mind Assoc},
	Title = {{Minds divided}},
	Volume = {98},
	Year = {1989}}

@article{heil1992believing,
	Author = {Heil, J.},
	Journal = {Nous},
	Number = {1},
	Pages = {47--61},
	Publisher = {Blackwell Publishers},
	Title = {{Believing reasonably}},
	Volume = {26},
	Year = {1992}}

@article{heil1983believing,
	Author = {Heil, J.},
	Journal = {The Journal of Philosophy},
	Number = {11},
	Pages = {752--765},
	Publisher = {The Journal of Philosophy, Inc.},
	Title = {{Believing what one ought}},
	Volume = {80},
	Year = {1983}}

@book{sultana2006self,
	Author = {Sultana, Mark},
	Publisher = {Editrice Pontificia Universit{\`a} Gregoriana},
	Title = {{Self-Deception and Akrasia: A Comparative Conceptual Analysis}},
	Year = {2006}}

@article{mele1986incontinent,
	Author = {Mele, Alfred R.},
	Journal = {The Philosophical Quarterly},
	Number = {143},
	Pages = {212--222},
	Publisher = {Basil Blackwell},
	Title = {{Incontinent Believing}},
	Volume = {36},
	Year = {1986}}

@article{rorty1983akratic,
	Author = {Rorty, Amelie O.},
	Journal = {American Philosophical Quarterly},
	Number = {2},
	Pages = {175--183},
	Publisher = {Basil Blackwell},
	Title = {{Akratic Believers}},
	Volume = {20},
	Year = {1983}}

@article{latus2000moral,
	Author = {Latus, Andrew},
	Journal = {Journal of Philosophical Research},
	Pages = {149--172},
	Publisher = {JPR},
	Title = {{Moral and Epistemic Luck}},
	Volume = {25},
	Year = {2000}}

@article{cooper1977psychology,
	Author = {Cooper, J. M.},
	Journal = {American Philosophical Quarterly},
	Pages = {151--157},
	Publisher = {Basil Blackwell},
	Title = {{The Psychology of Justice in Plato}},
	Year = {1977}}

@book{adam1902rpv,
	Author = {Adam, J.},
	Publisher = {Cambridge University Press},
	Title = {{The Republic of Plato}},
	Year = {1902}}

@article{sedley2007aor,
	Author = {Sedley, David},
	Journal = {Cambridge Companion to Plato's Republic},
	Title = {{Philosophy, The Forms, and the Art of Ruling}},
	Year = {2007}}

@article{denyer2007sul,
	Author = {Denyer, Nicholas},
	Journal = {Cambridge Companion to Plato's Republic},
	Title = {{Sun and Line: The Form of the Good}},
	Year = {2007}}

@book{denyer1991language,
	Author = {Denyer, Nicholas},
	Publisher = {Routledge},
	Title = {{Language, Thought and Falsehood in Ancient Greek Philosophy}},
	Year = {1991}}

@book{white1979cps,
	Author = {White, N. P.},
	Publisher = {Hackett Publishing Company},
	Title = {{A Companion to Plato's Republic}},
	Year = {1979}}

@article{bambrough1956psp,
	Author = {Bambrough, R.},
	Journal = {Philosophy},
	Title = {{Plato's political analogies}},
	Year = {1956}}

@article{warren1971caa,
	Author = {Warren, E.},
	Journal = {Essays in Ancient Greek Philosophy},
	Pages = {101},
	Publisher = {State University of New York Press},
	Title = {{The Craft Argument: An Analogy?}},
	Year = {1971}}

@article{reeve2005pca,
	Author = {Reeve, C. D. C.},
	Journal = {The Southern Journal of Philosophy},
	Pages = {20--49},
	Title = {{Philosophy, Craft, and Experience in the \emph{Republic}}},
	Volume = {43},
	Year = {2005}}

@article{reeve2000rot,
	Author = {Reeve, C. D. C.},
	Journal = {Proceedings of the Boston Area Colloquium in Ancient Philosophy},
	Pages = {207--222},
	Title = {{The Role of \emph{Techne} in Plato's Conception of Philosophy}},
	Volume = {16},
	Year = {2000}}

@article{schiefsky2000cor,
	Author = {Schiefsky, Mark},
	Journal = {Proceedings of the Boston Area Colloquium in Ancient Philosophy},
	Pages = {223},
	Title = {{Comment on Reeve}},
	Volume = {16},
	Year = {2000}}

@article{cooper1986bka,
	Author = {Cooper, Neil},
	Journal = {Phronesis},
	Pages = {229--242},
	Title = {{Between Knowledge and Ignorance}},
	Year = {1986}}

@article{santas1973hka,
	Author = {Santas, G.},
	Journal = {Patterns in Plato's Thought},
	Pages = {31--51},
	Title = {{Hintikka on Knowledge and its Objects in Plato}},
	Year = {1973}}

@article{hintikka1973kai,
	Author = {Hintikka, Jaakko},
	Journal = {Patterns in Plato's Thought},
	Pages = {1--30},
	Title = {{Knowledge and its Objects in Plato}},
	Year = {1973}}

@article{stokes1998plato,
	Author = {Stokes, Michael},
	Journal = {Plato: Critical Assessments},
	Publisher = {Routledge},
	Title = {{Plato and the Sightlovers of the \emph{Republic}}},
	Year = {1998}}

@article{gonzalez1996poo,
	Author = {Gonzalez, F. J.},
	Journal = {Phronesis},
	Pages = {245--275},
	Title = {{Propositions or Objects? A Critique of Gail Fine on Knowledge and Belief in \emph{Republic} V}},
	Year = {1996}}

@article{fine1978kab,
	Author = {Fine, Gail},
	Journal = {Archiv f\"ur Geschichte der Philosophie},
	Pages = {121--39},
	Title = {{Knowledge and Belief in \emph{Republic} V}},
	Volume = {60},
	Year = {1978}}

@article{vlastos1973drp,
	Author = {Vlastos, Gregory},
	Journal = {Platonic Studies},
	Publisher = {Princeton University Press},
	Title = {{Degrees of Reality in Plato}},
	Year = {1973}}

@article{vlastos1946eap,
	Author = {Vlastos, Gregory},
	Journal = {The Philosophical Review},
	Pages = {53--64},
	Title = {{Ethics and Physics in Democritus. Part II}},
	Volume = {55},
	Year = {1946}}

@article{moss2006pai,
	Author = {Moss, Jessica},
	Journal = {Philosophy and Phenomenological Research},
	Number = {3},
	Pages = {503--535},
	Title = {{Pleasure and Illusion in Plato}},
	Volume = {72},
	Year = {2006}}

@article{allen1960sp,
	Author = {Allen, R. E.},
	Journal = {Journal of the History of Ideas},
	Number = {2},
	Pages = {256--265},
	Title = {{The Socratic Paradox}},
	Volume = {21},
	Year = {1960}}

@book{sosa2007ve,
	Author = {Sosa, Ernest},
	Publisher = {Oxford University Press},
	Title = {{A Virtue Epistemology}},
	Year = {2007}}

@book{scott2006psm,
	Author = {Scott, D.},
	Publisher = {Cambridge University Press},
	Title = {{Plato's Meno}},
	Year = {2006}}

@book{cuomo2007tac,
	Author = {Cuomo, S.},
	Publisher = {Cambridge University Press},
	Title = {{Technology and Culture in Greek and Roman Antiquity}},
	Year = {2007}}

@article{burnyeat1987waa,
	Author = {Burnyeat, M. F.},
	Journal = {Proceedings of the Aristotelian Society},
	Pages = {1--24},
	Title = {{Wittgenstein and Augustine De Magistro}},
	Year = {1987}}

@book{annas1981ips,
	Author = {Annas, Julia},
	Publisher = {Oxford University Press},
	Title = {{An introduction to Plato's Republic}},
	Year = {1981}}

@article{gentzler1995dbe,
	Author = {Gentzler, Jyl},
	Journal = {History of Philosophy Quarterly},
	Number = {3},
	Pages = {227--246},
	Title = {{How to Discriminate between Experts and Frauds: Some Problems for Socratic Peirastic}},
	Volume = {12},
	Year = {1995}}

@article{annas1993vuo,
	Author = {Annas, Julia},
	Journal = {Apeiron},
	Number = {3-4},
	Pages = {53--66},
	Publisher = {Academic Printing and Publishing},
	Title = {{Virtue as the Use of Other Goods}},
	Volume = {26},
	Year = {1993}}

@book{kahn1996pas,
	Author = {Kahn, C. H.},
	Publisher = {Cambridge University Press},
	Title = {{Plato and the Socratic Dialogue}},
	Year = {1996}}

@book{audi2003eci,
	Author = {Audi, Robert},
	Publisher = {Routledge},
	Title = {{Epistemology: A Contemporary Introduction to the Theory of Knowledge, 2nd edition}},
	Year = {2003}}

@article{gosling1978pmt,
	Author = {Gosling, J.},
	Journal = {Philosophical Books},
	Pages = {97-102},
	Title = {{Plato's Moral Theory}},
	Volume = {19},
	Year = {1978}}

@article{gosling1960tpk,
	Author = {Gosling, J.},
	Journal = {Phronesis},
	Pages = {116--128},
	Title = {{Republic Book V: \emph{Ta Polla Kala} etc.}},
	Volume = {5},
	Year = {1960}}

@book{huemer2002ecr,
	Author = {Huemer, Michael},
	Publisher = {Routledge},
	Title = {{Epistemology: Contemporary Readings}},
	Year = {2002}}

@article{nehamas1999wds,
	Author = {Nehamas, Alexander},
	Journal = {Virtues of Authenticity},
	Publisher = {Princeton University Press},
	Title = {{What Did Socrates Teach and to Whom Did He Teach It?}},
	Year = {1999}}

@article{nehamas1999si,
	Author = {Nehamas, Alexander},
	Journal = {Virtues of Authenticity},
	Publisher = {Princeton University Press},
	Title = {{Socratic Intellectualism}},
	Year = {1999}}

@article{nehamas1999mps,
	Author = {Nehamas, Alexander},
	Journal = {Virtues of Authenticity},
	Publisher = {Princeton University Press},
	Title = {{Meno's Paradox and Socrates as a Teacher}},
	Year = {1999}}

@book{allen1970pse,
	Author = {Allen, R. E.},
	Publisher = {Routledge \& Kegan Paul},
	Title = {{Plato's Euthyphro and the Earlier Theory of Forms}},
	Year = {1970}}

@book{kraut1984sas,
	Author = {Kraut, Richard},
	Publisher = {Princeton University Press},
	Title = {{Socrates and the State}},
	Year = {1984}}

@book{allen1989dpe,
	Author = {Allen, R. E.},
	Publisher = {Yale University Press},
	Title = {{The Dialogues of Plato, vol. 1: Euthyphro, Apology, Crito, Meno, Gorgias, Menexenus}},
	Year = {1989}}

@book{allen1996pih,
	Author = {Allen, R. E.},
	Publisher = {Yale University Press},
	Title = {{The Dialogues of Plato, vol. 3: Ion, Hippias Minor, Laches, Protagoras}},
	Year = {1996}}

@book{anscombe1963i,
	Author = {Anscombe, G. E. M.},
	Publisher = {Blackwell, Oxford},
	Title = {{Intention}},
	Year = {1963}}

@article{frege1980sar,
	Author = {Frege, Gottlob},
	Journal = {Translations from the Philosophical Writings of Gottlob Frege},
	Publisher = {Blackwell},
	Title = {{On Sense and Reference}},
	Volume = {3rd ed.},
	Year = {1980}}

@article{penner1992sae,
	Author = {Penner, Terry},
	Journal = {The Cambridge Companion to Plato},
	Title = {{Socrates and the Early Dialogues}},
	Year = {1992}}

@book{macintyre1999dra,
	Author = {MacIntyre, Alasdair},
	Publisher = {Open Court},
	Title = {{Dependent Rational Animals}},
	Year = {1999}}

@article{ryle1945kak,
	Author = {Ryle, Gilbert},
	Journal = {Proceedings of the Aristotelian Society},
	Pages = {1--16},
	Title = {{Knowing How and Knowing That}},
	Volume = {46},
	Year = {1945}}

@book{lyons1972ssa,
	Author = {Lyons, John},
	Publisher = {Blackwell},
	Title = {{Structural Semantics}},
	Year = {1972}}

@article{penner1997ssk,
	Author = {Penner, Terry},
	Journal = {Archiv f\"ur Geschichte der Philosophie},
	Pages = {117--149},
	Title = {{Socrates on the Strength of Knowledge: \emph{Protagoras} 351b--357e}},
	Volume = {79},
	Year = {1997}}

@book{williamson2000kai,
	Author = {Williamson, Timothy},
	Publisher = {Oxford University Press},
	Title = {{Knowledge and Its Limits}},
	Year = {2000}}

@article{klosko1981tcv,
	Author = {Klosko, G.},
	Journal = {Journal of the History of Philosophy},
	Pages = {98--106},
	Title = {{The Technical Conception of Virtue}},
	Volume = {19},
	Year = {1981}}

@article{vlastos1957ska,
	Author = {Vlastos, Gregory},
	Journal = {The Philosophical Review},
	Number = {2},
	Pages = {226--238},
	Title = {{Socratic Knowledge and Platonic Pessimism}},
	Volume = {66},
	Year = {1957}}

@book{benson2000swm,
	Author = {Benson, Hugh},
	Publisher = {Oxford University Press},
	Title = {{Socratic Wisdom: The Model of Knowledge in Plato's Early Dialogues}},
	Year = {2000}}

@book{brickhouse1994pss,
	Author = {Brickhouse, T. C. and Smith, N. D.},
	Publisher = {Oxford University Press},
	Title = {{Plato's Socrates}},
	Year = {1994}}

@article{vlastos1985sdk,
	Author = {Vlastos, Gregory},
	Journal = {Philosophical Quarterly},
	Pages = {1--31},
	Title = {{Socrates' Disavowal of Knowledge}},
	Volume = {35},
	Year = {1985}}

@article{striker1996pss,
	Author = {Striker, Gisela},
	Journal = {Essays on Hellenistic Epistemology and Ethics},
	Title = {{Plato's Socrates and the Stoics}},
	Year = {1996}}

@article{asmith1998,
	Author = {Smith, Angela},
	Journal = {Archiv f\"ur Geschichte Der Philosophie},
	Number = {2},
	Title = {{Knowledge and Expertise in the Early Platonic Dialogues}},
	Volume = {80},
	Year = {1998}}

@book{isocrates1929ii,
	Author = {Norlin, G.},
	Publisher = {Cambridge, Massachusetts: Harvard University Press},
	Title = {{Isocrates II}},
	Year = {1929}}

@article{roochnik1994cnp,
	Author = {Roochnik, David},
	Journal = {American Journal of Philology},
	Number = {4},
	Pages = {543--563},
	Publisher = {JSTOR},
	Title = {{Counting on Number: Plato on the Goodness of Arithmos}},
	Volume = {115},
	Year = {1994}}

@book{frede1985galen,
	Author = {Michael Frede},
	Publisher = {Indianapolis: Hackett},
	Title = {{Galen: Three Treatises on the Nature of Science}},
	Year = {1985}}

@book{irwin1979pg,
	Author = {Irwin, T.},
	Publisher = {Oxford},
	Title = {{Plato: Gorgias}},
	Year = {1979}}

@book{dodds1959pg,
	Author = {Dodds, E. R.},
	Publisher = {Clarendon Press Oxford, England},
	Title = {{Plato Gorgias}},
	Year = {1959}}

@book{reeve1989sita,
	Author = {Reeve, C. D. C.},
	Publisher = {Hackett},
	Title = {{Socrates in the Apology}},
	Year = {1989}}

@article{janaway1992caf,
	Author = {Janaway, C.},
	Journal = {Oxford Studies in Ancient Philosophy},
	Pages = {1--23},
	Title = {{Craft and Fineness in Plato's \emph{Ion}}},
	Volume = {10},
	Year = {1992}}

@abook{craik1998,
	Author = {Craik, E. M.},
	Publisher = {Oxford University Press},
	Title = {{Hippocrates: Places in Man. Edited and Translated with Introduction and Commentary}},
	Year = {1998}}

@book{schiefsky2005,
	Author = {Schiefsky, Mark},
	Publisher = {Brill},
	Title = {{Hippocrates: On Ancient Medicine}},
	Year = {2005}}

@article{heinimann1961vpt,
	Author = {Heinimann, F.},
	Journal = {Museum Helveticum},
	Pages = {105--130},
	Title = {{Eine vorplatonische Theorie der $\tau$$\varepsilon$$\chi$$\nu$$\eta$}},
	Volume = {18},
	Year = {1961}}
	
@article{heinimann1975mass,
  title={Ma{\ss}-Gewicht-Zahl},
  author={Heinimann, F.},
  journal={Museum Helveticum},
  volume={32},
  pages={183--196},
  year={1975}
}

@article{poulakos2001iud,
	Author = {Poulakos, T.},
	Journal = {Philosophy and Rhetoric},
	Number = {1},
	Title = {{Isocrates'Use of doxa}},
	Volume = {34},
	Year = {2001}}

@article{allen1994,
	Author = {Allen, James},
	Journal = {Scientific Failure},
	Publisher = {Rowman \& Littlefield},
	Title = {{Failure and Expertise in the Ancient Conception of an Art}},
	Year = {1994}}

@book{sprague1976psp,
	Author = {Sprague, R.K.},
	Publisher = {Columbia: University of South Carolina Press},
	Title = {{Plato's philosopher-king: a study of the theoretical background}},
	Year = {1976}}

@article{roochnik1986,
	Author = {Roochnik, David},
	Journal = {Journal of the History of Philosophy},
	Number = {3},
	Pages = {295-310},
	Title = {{Socrates's Use of the Techne-Analogy}},
	Volume = {24},
	Year = {1986}}

@book{gould1955dps,
	Author = {Gould, J.},
	Publisher = {Cambridge University Press},
	Title = {{The Development of Plato's Ethics}},
	Year = {1955}}

@book{Shaerer1930,
	Author = {Shaerer, Rene},
	Publisher = {Protat Freres},
	Title = {{EPISTHMH et TEXNH}},
	Year = {1930}}

@book{obrien1967spa,
	Author = {O'Brien, M.J.},
	Publisher = {The University of North Carolina Press},
	Title = {{The Socratic Paradoxes and the Greek Mind}},
	Year = {1967}}

@book{irwin1977pmt,
	Author = {Irwin, T.},
	Publisher = {Oxford University Press},
	Title = {{Plato's Moral Theory: the Early and Middle Dialogues}},
	Year = {1977}}

@book{irwin1995pse,
	Author = {Irwin, T.},
	Publisher = {Oxford University Press},
	Title = {{Plato's Ethics}},
	Year = {1995}}

@book{roochnik1996aaw,
	Author = {Roochnik, David},
	Publisher = {Pennsylvania State University Press},
	Title = {{Of Art and Wisdom}},
	Year = {1996}}

@article{parry2003crp,
	Author = {Parry, R.D.},
	Journal = {Phronesis},
	Pages = {1--28},
	Title = {{The Craft of Ruling in Plato's \emph{Euthydemus} and \emph{Republic}}},
	Year = {2003}}

@article{parry2007eat,
	Author = {Parry, Richard},
	Journal = {Stanford Encyclopedia of Philosophy},
	Title = {{\emph{Episteme} and \emph{Techne}}},
	Year = {2007}}

@book{parry1996pcj,
	Author = {Parry, Richard},
	Publisher = {State University of New York Press},
	Title = {{Plato's Craft of Justice}},
	Year = {1996}}

@article{fine2004ktb,
	Author = {Fine, Gail},
	Journal = {Oxford Studies in Ancient Philosophy},
	Title = {Knowledge and True Belief in the Meno},
	Volume = {XXVII},
	Year = {2004}}

@article{smith2000power,
	Author = {Smith, Nicholas D.},
	Journal = {Journal of the History of Philosophy},
	Number = {2},
	Pages = {145--168},
	Publisher = {Johns Hopkins University Press},
	Title = {{Plato on Knowledge as a Power}},
	Volume = {38},
	Year = {2000}}

@article{woodruff1990pse,
	Author = {Woodruff, Paul},
	Journal = {Epistemology},
	Publisher = {Cambridge University Press},
	Title = {{Plato's Early Theory of Knowledge}},
	Year = {1990}}

@article{woodruff1987eka,
	Author = {Woodruff, Paul},
	Journal = {Proceedings of the Boston Area Colloquium in Ancient Philosophy},
	Pages = {79--115},
	Title = {{Expert Knowledge in the Apology and Laches: What a General Needs to Know}},
	Volume = {3},
	Year = {1987}}
	
@book{woodruff1983two,
  title={Two Comic Dialogues},
  author={Woodruff, Paul},
  year={1983},
  publisher={Hackett Publishing Company}
}

@article{lesher1987sdk,
	Author = {Lesher , J. H.},
	Journal = {Journal of the History of Philosophy},
	Number = {2},
	Pages = {275--288},
	Title = {{Socrates' Disavowal of Knowledge}},
	Volume = {25},
	Year = {1987}}

@article{tillemans2008reason,
	Author = {Tillemans, Tom J. F.},
	Journal = {Argumentation},
	Number = {1},
	Pages = {149--163},
	Publisher = {Springer},
	Title = {{Reason, Irrationality and Akrasia (Weakness of the Will) in Buddhism: Reflections upon \'S\=antideva's Arguments with Himself}},
	Volume = {22},
	Year = {2008}}

@article{tuske1999being,
	Author = {Tuske, Joerg},
	Journal = {Asian Philosophy},
	Number = {3},
	Pages = {229--238},
	Publisher = {Routledge},
	Title = {{Being in two minds: The divided mind in the Ny{\=a}yas{\=u}tras}},
	Volume = {9},
	Year = {1999}}

@article{garfield-like,
	Author = {Garfield, Jay L.},
	Journal = {Journal of the International Association of Buddhist Studies},
	Title = {{What is it Like to be a Bodhisattva? Moral Phenomenology in {\'I}{\aa}ntideva�s Bodhicary{\aa}vat{\aa}ra}}}

@book{prasad2008conceptual,
	Author = {Prasad, Rajendra},
	Publisher = {Concept Publishing Company},
	Title = {{A Conceptual-Analytic Study of Classical Indian Philosophy of Morals}},
	Year = {2008}}

@article{joyce1995early,
	Author = {Joyce, Richard},
	Journal = {Phronesis},
	Number = {3},
	Pages = {315--335},
	Publisher = {VanGorcum Ltd.},
	Title = {{Early Stoicism and Akrasia}},
	Volume = {40},
	Year = {1995}}

@article{gosling1987stoics,
	Author = {Gosling, Justin},
	Journal = {Apeiron},
	Number = {2},
	Pages = {179--202},
	Publisher = {Academic Printing and Publishing},
	Title = {{The Stoics and Akrasia}},
	Volume = {20},
	Year = {1987}}

@book{nivison1996ways,
	Author = {Nivison, David S. and Van Norden, B. W.},
	Publisher = {Open Court},
	Title = {{The Ways of Confucianism: Investigations in Chinese Philosophy}},
	Year = {1996}}

@article{margolis2008rationality,
	Author = {Margolis, J.},
	Journal = {Journal of Chinese Philosophy},
	Number = {1},
	Pages = {9--27},
	Publisher = {John Wiley \& Sons},
	Title = {{Rationality and Weakness of Will}},
	Volume = {8},
	Year = {2008}}

@article{nivison1980mencius,
	Author = {Nivison, D.},
	Journal = {Journal of the American Academy of Religion},
	Pages = {417--432},
	Title = {{Mencius and Motivation}},
	Volume = {47},
	Year = {1980}}

@book{aristotle1980ne,
	Author = {Aristotle},
	Publisher = {Oxford University Press},
	Title = {{Nicomachean Ethics}},
	Translator = {Ross, W. D.},
	Year = {1980}}

@book{aristotle1920ne,
	Author = {Aristotle},
	Publisher = {Oxford University Press},
	Title = {{Ethica Nicomachea}},
	Year = {1920}}

@book{bible2001esv,
	Publisher = {Crossway Bibles},
	Title = {{Holy Bible (English Standard Version)}},
	Year = {2001}}

@book{deutsch1968bhagavad,
	Author = {Deutsch, Eliot},
	Publisher = {University Press of America},
	Title = {{The Bhagavad G\={\i}t\=a: Translated, with Introduction and Critical Essays}},
	Year = {1968}}

@book{sankara1995bhagavadgita,
	Author = {\=Adi \'Sankara},
	Publisher = {Advaita Ashrama},
	Title = {{Bhagavadg\={\i}t\=a with the Commentary of \'Sankar\=ac\=arya}},
	Translator = {Swami Gambhirananda},
	Year = {1995 {[}9th c.{]}}}

@incollection{sep-mohism,
	Author = {Fraser, Chris},
	Booktitle = {The Stanford Encyclopedia of Philosophy},
	Edition = {Summer 2010},
	Editor = {Edward N. Zalta},
	Howpublished = {\url{http://plato.stanford.edu/archives/sum2010/entries/mohism/}},
	Title = {Mohism},
	Year = {2010}}

@article{jackson1992critical,
	Author = {Jackson, Frank},
	Journal = {Australasian Journal of Philosophy},
	Pages = {475--88},
	Title = {{Critical Notice on Susan Hurley's Natural Reasons}},
	Volume = {70},
	Year = {1992}}

@article{davidson-paradoxes,
	Author = {Davidson, Donald},
	Journal = {Philosophical Essays on Freud},
	Pages = {289--305},
	Publisher = {Cambridge University Press},
	Title = {{Paradoxes of Irrationality}},
	Year = {1982}}

@book{wollheim1982philosophical,
	Author = {Wollheim, R. and Hopkins, J.},
	Publisher = {Cambridge University Press},
	Title = {{Philosophical Essays on Freud}},
	Year = {1982}}

@article{pears1982motivated,
	Author = {Pears, David F.},
	Journal = {Philosophical Essays on Freud},
	Pages = {264--288},
	Publisher = {Cambridge University Press},
	Title = {{Motivated Irrationality, Freudian Theory, and Cognitive Dissonance}},
	Year = {1982}}

@article{pears1988irrational,
	Author = {Pears, D.},
	Issn = {0920-427X},
	Journal = {Argumentation},
	Number = {1},
	Pages = {51--61},
	Publisher = {Springer},
	Title = {{Irrational Action and Irrational Belief}},
	Volume = {2},
	Year = {1988}}

@book{pears1984motivated,
	Author = {Pears, David F.},
	Publisher = {Oxford University Press, USA},
	Title = {{Motivated Irrationality}},
	Year = {1984}}

@article{pearspugmire1982motivated,
	Author = {Pears, DF and Pugmire, D.},
	Journal = {Proceedings of the Aristotelian Society, Supplementary Volumes},
	Pages = {157--196},
	Title = {{Motivated Irrationality}},
	Volume = {56},
	Year = {1982}}

@article{holton1999intention,
	Author = {Holton, Richard},
	Journal = {The Journal of Philosophy},
	Number = {5},
	Pages = {241--262},
	Publisher = {The Journal of Philosophy, Inc.},
	Title = {{Intention and Weakness of Will}},
	Volume = {96},
	Year = {1999}}

@article{levy2004epistemic,
	Author = {Levy, Neil},
	Journal = {Croatian Journal of Philosophy},
	Number = {10},
	Pages = {149--156},
	Publisher = {CEEOL},
	Title = {{Epistemic Akrasia and the Subsumption of Evidence: A Reconsideration}},
	Year = {2004}}

@article{owens2002epistemic,
	Author = {Owens, David},
	Journal = {The Monist},
	Number = {3},
	Pages = {381--398},
	Publisher = {Hegeler Institute},
	Title = {{Epistemic Akrasia}},
	Volume = {85},
	Year = {2002}}

@article{kolodny2007does,
	Author = {Kolodny, Niko},
	Journal = {Proceedings of the Aristotelian Society},
	Number = {3},
	Pages = {229--263},
	Title = {{How Does Coherence Matter?}},
	Volume = {107},
	Year = {2007}}

@article{price2008against,
	Author = {Price, A. W.},
	Journal = {Proceedings of the Aristotelian Society},
	Number = {part 2},
	Pages = {157--176},
	Title = {{Against Requirements of Rationality}},
	Volume = {108},
	Year = {2008}}

@article{nivison1996weakness,
	Author = {Nivison, David S.},
	Journal = {The Ways of Confucianism: Investigations in Chinese Philosophy},
	Title = {{Weakness of Will in Ancient Chinese Philosophy}},
	Year = {1996}}

@book{sharples2004alexander,
	Author = {Sharples, R. W.},
	Publisher = {Gerald Duckworth \& Co.},
	Title = {{Alexander of Aphrodisias: Supplement to ``On the Soul''}},
	Year = {2004}}

@article{rawls1971theory,
	Author = {Rawls, John},
	Journal = {Harvard University Press},
	Title = {{A Theory of Justice}},
	Year = {1971}}

@article{horstmanshoff1990ancient,
	Author = {Horstmanshoff, H. F. J.},
	Journal = {Journal of the History of Medicine and Allied Sciences},
	Number = {2},
	Title = {{The Ancient Physician: Craftsman or Scientist?}},
	Volume = {45},
	Year = {1990}}

@book{pascal1999pensees,
	Author = {Pascal, B. and Levi, H. and Levi, A.},
	Publisher = {Oxford University Press},
	Title = {{Pens{\'e}es and Other Writings: And Other Writings}},
	Year = {1999}}

@book{sen1984concept,
	Author = {Sen, Debarata},
	Publisher = {K P Bagchi},
	Title = {{The Concept of Knowledge: Indian Theories}},
	Year = {1984}}

@article{wolfsdorf2004socrates,
  title={Socrates' avowals of knowledge},
  author={Wolfsdorf, D.},
  journal={Phronesis},
  pages={75--142},
  year={2004},
  publisher={JSTOR}
}

@misc{berndt1985ramanujan,
  title={Ramanujan Notebooks, Part 1},
  author={Berndt, B.},
  year={1985},
  publisher={Springer Verlag}
}

@article{chaitin2007less,
	title={Less Proof, More Truth},
	author={Gregory Chaitin},
	journal={New Scientist},
	volume={49},
	number={July 28},
	year={2007}
}

@article{frede1993plato,
  title={Plato: Philebus},
  author={Frede, D.},
  journal={Translated, with Introduction \& Notes},
  year={1993}
}

@book{goldschmidt2008evolution,
  title={The evolution of Chinese medicine: Song dynasty, 960-1200},
  author={Goldschmidt, A.M.},
  year={2008},
  publisher={Taylor \& Francis}
}

@book{chadwick1950medical,
  title={The Medical Works of Hippocrates: A New Translation from the Original Greek},
  author={Hippocrates and Chadwick, J.},
  year={1950},
  publisher={Blackwell}
}

@book{sharma2004charaka,
  title={Charaka Samhita with Ayurveda Deepika commentary of Chakrapanidatta},
  author={Sharma, R.K. and Dash, V.B.},
  publisher={Varanasi: Chaukhambha Sanskrit Sansthan},
  year={2004}
}

@book{nehamas1995plato,
  title={Plato: Phaedrus},
  author={Nehamas, A. and Woodruff, P.},
  publisher={Indianapolis: Hackett},
  year={1995}
}

@article{shorey1909phusis,
  title={Φύσις, Μελέτη, Ἐπιστήμη},
  author={Shorey, P.},
  year={1909},
  journal={Transactions of the American Philological Association},
volume={40},
pages={185--201}
}

